<?xml version="1.0" encoding="UTF-8"?><record xmlns="http://www.loc.gov/MARC21/slim" xmlns:cinclude="http://apache.org/cocoon/include/1.0" xmlns:zs="http://www.loc.gov/zing/srw/">
  <leader>00422cz  a2200133n  4500</leader>
  <controlfield tag="001">n  85075702 </controlfield>
  <controlfield tag="003">DLC</controlfield>
  <controlfield tag="005">20080703073136.0</controlfield>
  <controlfield tag="008">850717n| acannaabn          |n aaa      </controlfield>
  <datafield tag="010" ind1=" " ind2=" ">
    <subfield code="a">n  85075702 </subfield>
  </datafield>
  <datafield tag="035" ind1=" " ind2=" ">
    <subfield code="a">(OCoLC)oca01370359</subfield>
  </datafield>
  <datafield tag="040" ind1=" " ind2=" ">
    <subfield code="a">DLC</subfield>
    <subfield code="b">eng</subfield>
    <subfield code="c">DLC</subfield>
    <subfield code="d">DLC</subfield>
    <subfield code="d">OCoLC</subfield>
  </datafield>
  <datafield tag="100" ind1="1" ind2=" ">
    <subfield code="a">Szpak, Jan</subfield>
  </datafield>
  <datafield tag="670" ind1=" " ind2=" ">
    <subfield code="a">His Rewolucja cen XVI wieku a funkcjonowanie gospodarki dworskiej w starostwach Prus KroĚlewskich, 1982:</subfield>
    <subfield code="b">t.p. (Jan Szpak)</subfield>
  </datafield>
</record>